@article{cc,
 author = {Modha, Dharmendra S. and Ananthanarayanan, Rajagopal and Esser, Steven K. and Ndirango, Anthony and Sherbondy, Anthony J. and Singh, Raghavendra},
 title = {Cognitive Computing},
 journal = {Commun. ACM},
 issue_date = {August 2011},
 volume = {54},
 number = {8},
 month = aug,
 year = {2011},
 issn = {0001-0782},
 pages = {62--71},
 numpages = {10},
 url = {http://doi.acm.org/10.1145/1978542.1978559},
 doi = {10.1145/1978542.1978559},
 acmid = {1978559},
 publisher = {ACM},
 address = {New York, NY, USA}
},
@article{turing1950computing,
  title={Computing machinery and intelligence},
  author={Turing, Alan M},
  journal={Mind},
  pages={433--460},
  year={1950},
  publisher={JSTOR}
},
@article{aimodern,
  title={Artificial intelligence: a modern approach},
  author={Russell, Stuart and Norvig, Peter},
  year={1995}
},
@book{haugeland1985,
  title={La inteligencia artificial},
  author={Haugeland, John},
  year={1988},
  publisher={Siglo XXI}
},
@book{bellman1978,
  title={An introduction to artificial intelligence: Can computers think?},
  author={Bellman, Richard},
  year={1978},
  publisher={Boyd \& Fraser Publishing Company}
},
@article{winston1992learning,
  title={Learning by building identification trees},
  author={Winston, P},
  journal={Artificial intelligence},
  pages={423--442},
  year={1992},
  publisher={Boston: Addison-Wesley Publishing Company}
},
@misc{ibmcc,
author = {},
title = {www.research.ibm.com/software/IBMResearch/multimedia/Computing\_Cognition\_WhitePaper.pdf},
howpublished = {\url{http://www.research.ibm.com/software/IBMResearch/multimedia/Computing_Cognition_WhitePaper.pdf}},
month = {},
year = {},
note = {(Visited on 10/27/2015)}
},
@inproceedings{rosenbloom2009towards,
  title={Towards a new cognitive hourglass: Uniform implementation of cognitive architecture via factor graphs},
  author={Rosenbloom, Paul S},
  booktitle={Proceedings of the 9th international conference on cognitive modeling},
  year={2009}
},
@article{langley2009cognitive,
  title={Cognitive architectures: Research issues and challenges},
  author={Langley, Pat and Laird, John E and Rogers, Seth},
  journal={Cognitive Systems Research},
  volume={10},
  number={2},
  pages={141--160},
  year={2009},
  publisher={Elsevier}
},
@article{anderson1997act,
  title={ACT-R: A theory of higher level cognition and its relation to visual attention},
  author={Anderson, John R and Matessa, Michael and Lebiere, Christian},
  journal={Human-Computer Interaction},
  volume={12},
  number={4},
  pages={439--462},
  year={1997},
  publisher={L. Erlbaum Associates Inc.}
},
@book{kelly2013smart,
  title={Smart Machines: IBM{\~O}s Watson and the Era of Cognitive Computing},
  author={Kelly III, John and Hamm, Steve},
  year={2013},
  publisher={Columbia University Press}
},
@article{langley1991design,
  title={A design for the ICARUS architecture},
  author={Langley, Pat and McKusick, Kathleen B and Allen, John A and Iba, Wayne F and Thompson, Kevin},
  journal={ACM SIGART Bulletin},
  volume={2},
  number={4},
  pages={104--109},
  year={1991},
  publisher={ACM}
},
@article{carbonell1991prodigy,
  title={Prodigy: An integrated architecture for planning and learning},
  author={Carbonell, Jaime and Etzioni, Oren and Gil, Yolanda and Joseph, Robert and Knoblock, Craig and Minton, Steve and Veloso, Manuela},
  journal={ACM SIGART Bulletin},
  volume={2},
  number={4},
  pages={51--55},
  year={1991},
  publisher={ACM}
},
@article{soar1987,
title = {SOAR: An architecture for general intelligence},
author = {John E. Laird and Allen Newell and Paul S. Rosenbloom},
journal = {Artificial Intelligence},
volume = {33},
number = {1},
pages = {1 - 64},
year = {1987},
issn = {0004-3702},
doi = {http://dx.doi.org/10.1016/0004-3702(87)90050-6},
url = {http://www.sciencedirect.com/science/article/pii/0004370287900506}
},
@techreport{langley2006intelligent,
  title={Intelligent behavior in humans and machines},
  author={Langley, Pat},
  year={2006},
  institution={Technical Report). Computational Learning Laboratory, CSLI, Stanford University}
}'
@book{hennessy2011computer,
  title={Computer architecture: a quantitative approach},
  author={Hennessy, John L and Patterson, David A},
  year={2011},
  publisher={Elsevier}
},
@article{von1993first,
  title={First Draft of a Report on the EDVAC},
  author={Von Neumann, John},
  journal={IEEE Annals of the History of Computing},
  number={4},
  pages={27--75},
  year={1993},
  publisher={IEEE}
},
@book{nilsson2014principles,
  title={Principles of artificial intelligence},
  author={Nilsson, Nils J},
  year={2014},
  publisher={Morgan Kaufmann}
},
@article{brooks1995intelligence,
  title={Intelligence without reason},
  author={Brooks, Rodney A},
  journal={The artificial life route to artificial intelligence: Building embodied, situated agents},
  pages={25--81},
  year={1995},
  publisher={Lawrence Erlbaum Associates Hillsdale, New Jersey}
},
@book{crowder2014artificial,
  title={Artificial Cognition Architectures},
  author={Crowder, James A and Carbone, John N and Friess, Shelli A},
  year={2014},
  publisher={Springer}
},
@inproceedings{duch2008cognitive,
  title={Cognitive Architectures: Where do we go from here?},
  author={Duch, Wlodzislaw and Oentaryo, Richard Jayadi and Pasquier, Michel},
  booktitle={AGI},
  volume={171},
  pages={122--136},
  year={2008}
},
@book{newell1994unified,
  title={Unified theories of cognition},
  author={Newell, Allen},
  year={1994},
  publisher={Harvard University Press}
},@techreport{newell1973production,
  title={Production systems: Models of control structures},
  author={Newell, Allen},
  year={1973},
  institution={DTIC Document}
},
@article{laird1987soar,
  title={Soar: An architecture for general intelligence},
  author={Laird, John E and Newell, Allen and Rosenbloom, Paul S},
  journal={Artificial intelligence},
  volume={33},
  number={1},
  pages={1--64},
  year={1987},
  publisher={Elsevier}
},
@book{koller2009probabilistic,
  title={Probabilistic graphical models: principles and techniques},
  author={Koller, Daphne and Friedman, Nir},
  year={2009},
  publisher={MIT press}
},@incollection{torres1998bayesian,
  title={Bayesian networks for reliability analysis of complex systems},
  author={Torres-Toledano, Jos{\'e} Gerardo and Sucar, Luis Enrique},
  booktitle={Progress in Artificial Intelligenceâ€”IBERAMIA 98},
  pages={195--206},
  year={1998},
  publisher={Springer}
}